@article{Agrawal2002,
 annote = {no back mutations
no adaptation
no changing environment
no cost of fidelity
the whole discussion assumes SIM but doesn't assume the context of SIM


the idea here is to compare SIM effect on equilibrium mean fitness (mutational load) in asex and sex populaitons, therefore beneficial mutations are NEGLECTED


never the less, if the final statement on asex, that the mean fitness at equilibrium depends on the mutation rate of the least loaded class, then asex populations should do SIM, as hypermutation does not affect the mean fitness},
 author = {Agrawal, Aneil F.},
 doi = {10.1046/j.1420-9101.2002.00464.x},
 issn = {1010061X},
 journal = {Journal of Evolutionary Biology},
 link = {http://doi.wiley.com/10.1046/j.1420-9101.2002.00464.x},
 month = {oct},
 number = {6},
 pages = {1004--1010},
 title = {Genetic loads under fitness-dependent mutation rates},
 volume = {15},
 year = {2002}
}

@phdthesis{Altenberg1984,
 author = {Altenberg, Lee},
 number = {October},
 pages = {247},
 school = {Stanford University},
 title = {A generalization of theory on the evolution of modifier genes},
 year = {1984}
}

@article{Altenberg1987,
 author = {Altenberg, Lee and Feldman, Marcus W.},
 isbn = {0016-6731},
 issn = {0016-6731},
 journal = {Genetics},
 link = {http://www.ncbi.nlm.nih.gov/pubmed/3692141 http://www.pubmedcentral.nih.gov/articlerender.fcgi?artid=PMC1203230},
 month = {nov},
 number = {3},
 pages = {559--72},
 pmid = {3692141},
 title = {Selection, generalized transmission and the evolution of modifier genes. I. The reduction principle.},
 volume = {117},
 year = {1987}
}

@article{Altenberg2009,
 archiveprefix = {arXiv},
 arxivid = {0806.2181},
 author = {Altenberg, Lee},
 doi = {10.1007/s11538-009-9401-2},
 eprint = {0806.2181},
 journal = {Bulletin of Mathematical Biology},
 number = {5},
 pages = {1264--1284},
 title = {The Evolutionary Reduction Principle for Linear Variation in Genetic Transmission},
 volume = {71},
 year = {2009}
}

@article{Altenberg2012a,
 author = {Altenberg, Lee},
 doi = {10.1073/pnas.1113833109},
 issn = {1091-6490},
 journal = {Proceedings of the National Academy of Sciences},
 link = {http://www.ncbi.nlm.nih.gov/pubmed/22357763},
 month = {feb},
 number = {10},
 pages = {3705--3710},
 pmid = {22357763},
 title = {Resolvent positive linear operators exhibit the reduction phenomenon.},
 volume = {109},
 year = {2012}
}

@article{Altenberg2012b,
 archiveprefix = {arXiv},
 arxivid = {1106.4388},
 author = {Altenberg, Lee},
 doi = {10.1890/11-1136.1},
 eprint = {1106.4388},
 isbn = {0012-9658},
 issn = {0012-9615},
 journal = {Ecological Monographs},
 link = {http://doi.wiley.com/10.1890/11-1136.1},
 month = {aug},
 number = {3},
 pages = {297--333},
 pmid = {7189},
 title = {The evolution of dispersal in random environments and the principle of partial control},
 volume = {82},
 year = {2012}
}

@article{Altenberg2017,
 author = {Altenberg, Lee and Liberman, Uri and Feldman, Marcus W.},
 doi = {10.1073/pnas.1619655114},
 issn = {0027-8424},
 journal = {Proceedings of the National Academy of Sciences},
 link = {http://www.pnas.org/lookup/doi/10.1073/pnas.1619655114},
 month = {mar},
 number = {12},
 pages = {E2392--E2400},
 pmid = {28265103},
 title = {Unified reduction principle for the evolution of mutation, migration, and recombination},
 volume = {114},
 year = {2017}
}

@article{Borenstein2008,
 author = {Borenstein, Elhanan and Feldman, Marcus W. and Aoki, Kenichi},
 doi = {10.1111/j.1558-5646.2007.00313.x},
 isbn = {00143820},
 issn = {00143820},
 journal = {Evolution},
 number = {3},
 pages = {586--602},
 pmid = {34186037},
 title = {Evolution of learning in fluctuating environments: When selection favors both social and exploratory individual learning},
 volume = {62},
 year = {2008}
}

@article{Boyd1985,
 address = {Chicago, IL},
 author = {Boyd, Robert and Richerson, Peter J.},
 pages = {331},
 publisher = {University of Chicago Press},
 title = {Culture and the evolutionary process},
 year = {1985}
}

@article{Carja2014,
 author = {Carja, Oana and Liberman, Uri and Feldman, Marcus W.},
 doi = {10.1073/pnas.1417664111},
 issn = {0027-8424},
 journal = {Proceedings of the National Academy of Sciences},
 link = {http://www.pnas.org/lookup/doi/10.1073/pnas.1417664111},
 month = {nov},
 pages = {201417664},
 title = {Evolution in changing environments: Modifiers of mutation, recombination, and migration},
 year = {2014}
}

@article{Caswell1978,
 author = {Caswell, Hal},
 journal = {Theoretical population biology},
 pages = {215--230},
 title = {A General Formula for the Sensitivity of Population Growth Rate to Changes in Life History Parameters},
 volume = {14},
 year = {1978}
}

@book{Cavalli-Sforza1981,
 address = {Princeton, New Jersey},
 author = {Cavalli-Sforza, Luigi Luca and Feldman, Marcus W.},
 edition = {1},
 isbn = {0-691-08280-4},
 link = {http://books.google.ch/books?id=pBGvyNXkWYcC{\&}hl=en http://www.amazon.com/Fitness-Landscapes-Species-Monographs-Population/dp/069111983X},
 publisher = {Princeton University Press},
 title = {Cultural Transmission and Evolution: A Quantitative Approach},
 year = {1981}
}

@article{Deakin1966,
 author = {Deakin, Michael A. B.},
 doi = {10.1086/282462},
 issn = {0003-0147},
 journal = {The American Naturalist},
 link = {http://www.journals.uchicago.edu/doi/10.1086/282462},
 month = {nov},
 number = {916},
 pages = {690--692},
 title = {Sufficent Conditions for Genetic Polymorphism},
 volume = {100},
 year = {1966}
}

@article{Eshel1982,
 author = {Eshel, Ilan and Feldman, Marcus W.},
 doi = {10.1016/0040-5809(82)90028-4},
 issn = {00405809},
 journal = {Theoretical Population Biology},
 link = {http://linkinghub.elsevier.com/retrieve/pii/0040580982900284},
 month = {jun},
 number = {3},
 pages = {430--439},
 title = {On evolutionary genetic stability of the sex ratio},
 volume = {21},
 year = {1982}
}

@article{Feldman1972,
 author = {Feldman, Marcus W.},
 doi = {10.1016/0040-5809(72)90007-X},
 isbn = {0040-5809},
 issn = {10960325},
 journal = {Theoretical Population Biology},
 number = {3},
 pages = {324--346},
 pmid = {4667090},
 title = {Selection for linkage modification: I. Random mating populations},
 volume = {3},
 year = {1972}
}

@article{Feldman1980,
 author = {Feldman, Marcus W. and Christiansen, Freddy B. and Brooks, Lisa D.},
 doi = {10.1073/pnas.77.8.4838},
 issn = {0027-8424},
 journal = {Proceedings of the National Academy of Sciences of the United States of America},
 link = {http://www.pubmedcentral.nih.gov/articlerender.fcgi?artid=349943{\&}tool=pmcentrez{\&}rendertype=abstract},
 number = {8},
 pages = {4838--41},
 pmid = {16592864},
 title = {Evolution of recombination in a constant environment.},
 volume = {77},
 year = {1980}
}

@article{Feldman1986,
 author = {Feldman, Marcus W. and Liberman, Uri},
 issn = {0027-8424},
 journal = {Proceedings of the National Academy of Sciences},
 link = {http://www.pubmedcentral.nih.gov/articlerender.fcgi?artid=323834{\&}tool=pmcentrez{\&}rendertype=abstract},
 month = {jul},
 number = {13},
 pages = {4824--7},
 pmid = {3460074},
 title = {An evolutionary reduction principle for genetic modifiers.},
 volume = {83},
 year = {1986}
}

@book{Fisher1930,
 address = {Oxford},
 author = {Fisher, Ronald A.},
 link = {http://archive.org/details/geneticaltheoryo031631mbp},
 pages = {272},
 publisher = {Clarendon Press},
 title = {The Genetical Theory of Natural Selection},
 year = {1930}
}

@article{Fitzgerald2017b,
 annote = {From Duplicate 1 (Stress-Induced Mutagenesis: Implications in Cancer and Drug Resistance - Fitzgerald, Devon M.; Hastings, P.J.; Rosenberg, Susan M.)

NULL},
 author = {Fitzgerald, Devon M. and Hastings, P.J. and Rosenberg, Susan M.},
 doi = {10.1146/annurev-cancerbio-050216-121919},
 issn = {2472-3428},
 journal = {Annual Review of Cancer Biology},
 link = {http://www.annualreviews.org/doi/10.1146/annurev-cancerbio-050216-121919},
 month = {mar},
 number = {1},
 pages = {119--140},
 title = {Stress-Induced Mutagenesis: Implications in Cancer and Drug Resistance},
 volume = {1},
 year = {2017}
}

@article{Foster2007,
 author = {Foster, Patricia L.},
 doi = {10.1080/10409230701648494},
 issn = {1040-9238},
 journal = {Critical reviews in biochemistry and molecular biology},
 link = {http://www.ncbi.nlm.nih.gov/pubmed/17917873},
 number = {5},
 pages = {373--97},
 pmid = {17917873},
 title = {Stress-induced mutagenesis in bacteria.},
 volume = {42},
 year = {2007}
}

@article{Grafen2006,
 author = {Grafen, Alan},
 doi = {10.1007/s00285-006-0376-4},
 issn = {0303-6812},
 journal = {Journal of Mathematical Biology},
 link = {http://link.springer.com/10.1007/s00285-006-0376-4},
 month = {jul},
 number = {1},
 pages = {15--60},
 title = {A theory of Fisher's reproductive value},
 volume = {53},
 year = {2006}
}

@article{Gueijman2013,
 author = {Gueijman, Ariel and Ayali, Amir and Ram, Yoav and Hadany, Lilach},
 doi = {10.1186/1471-2148-13-125},
 issn = {1471-2148},
 journal = {BMC Evolutionary Biology},
 link = {http://www.biomedcentral.com/1471-2148/13/125},
 month = {jun},
 number = {1},
 pages = {125},
 pmid = {23777293},
 title = {Dispersing away from bad genotypes: the evolution of Fitness-Associated Dispersal (FAD) in homogeneous environments},
 volume = {13},
 year = {2013}
}

@article{Hadany2003a,
 author = {Hadany, Lilach and Beker, Tuvik},
 issn = {0016-6731},
 journal = {Genetics},
 link = {http://www.ncbi.nlm.nih.gov/pubmed/14704195},
 month = {dec},
 number = {4},
 pages = {2167--79},
 pmid = {14704195},
 title = {On the evolutionary advantage of fitness-associated recombination.},
 volume = {165},
 year = {2003}
}

@article{Hadany2003b,
 author = {Hadany, Lilach and Beker, Tuvik},
 doi = {10.1046/j.1420-9101.2003.00586.x},
 issn = {1010-061X},
 journal = {Journal of evolutionary biology},
 link = {http://www.ncbi.nlm.nih.gov/pubmed/14635901 http://doi.wiley.com/10.1046/j.1420-9101.2003.00586.x},
 month = {sep},
 number = {5},
 pages = {862--870},
 pmid = {14635901},
 title = {Fitness-associated recombination on rugged adaptive landscapes},
 volume = {16},
 year = {2003}
}

@article{Hadany2007a,
 author = {Hadany, Lilach and Otto, Sarah P.},
 doi = {10.1534/genetics.107.074203},
 issn = {0016-6731},
 journal = {Genetics},
 link = {http://www.pubmedcentral.nih.gov/articlerender.fcgi?artid=1931531{\&}tool=pmcentrez{\&}rendertype=abstract},
 month = {jul},
 number = {3},
 pages = {1713--27},
 pmid = {17483405},
 publisher = {Genetics Soc America},
 title = {The evolution of condition-dependent sex in the face of high costs.},
 volume = {176},
 year = {2007}
}

@article{Haigh1978,
 author = {Haigh, John},
 doi = {10.1016/0040-5809(78)90027-8},
 issn = {00405809},
 journal = {Theoretical Population Biology},
 link = {http://dx.doi.org/10.1016/0040-5809(78)90027-8},
 month = {oct},
 number = {2},
 pages = {251--267},
 title = {The accumulation of deleterious genes in a population - Muller's Ratchet},
 volume = {14},
 year = {1978}
}

@article{Hermisson2002,
 author = {Hermisson, Joachim and Redner, Oliver and Wagner, Holger and Baake, Ellen},
 doi = {10.1006/tpbi.2002.1582},
 issn = {0040-5809},
 journal = {Theoretical population biology},
 link = {http://www.ncbi.nlm.nih.gov/pubmed/12056863},
 month = {aug},
 number = {1},
 pages = {9--46},
 pmid = {12056863},
 title = {Mutation-selection balance: ancestry, load, and maximum principle.},
 volume = {62},
 year = {2002}
}

@article{Holsinger1986,
 author = {Holsinger, Kent E. and Feldman, Marcus W. and Altenberg, Lee},
 issn = {0016-6731},
 journal = {Genetics},
 link = {http://www.ncbi.nlm.nih.gov/pubmed/3957011 http://www.pubmedcentral.nih.gov/articlerender.fcgi?artid=PMC1202785},
 month = {apr},
 number = {4},
 pages = {909--22},
 pmid = {3957011},
 title = {Selection for increased mutation rates with fertility differences between matings.},
 volume = {112},
 year = {1986}
}

@article{Karlin1982,
 author = {Karlin, Samuel},
 issn = {0071-3260},
 journal = {Evolutionary Biology},
 number = {1953},
 pages = {61--204},
 title = {Classifications of selection migration structures and conditions for a protected polymorphism},
 volume = {14},
 year = {1982}
}

@article{Kimura1966a,
 author = {Kimura, Motoo and Maruyama, Takeo},
 issn = {0016-6731},
 journal = {Genetics},
 link = {http://www.pubmedcentral.nih.gov/articlerender.fcgi?artid=1211299},
 month = {dec},
 number = {6},
 pages = {1337--51},
 pmid = {17248359},
 title = {The mutational load with epistatic gene interactions in fitness.},
 volume = {54},
 year = {1966}
}

@article{Lessard1990,
 author = {Lessard, Sabin},
 doi = {10.1016/0040-5809(90)90033-R},
 isbn = {0040-5809},
 issn = {10960325},
 journal = {Theoretical Population Biology},
 number = {1},
 pages = {159--170},
 title = {Evolutionary stability: One concept, several meanings},
 volume = {37},
 year = {1990}
}

@article{Liberman1986a,
 author = {Liberman, Uri and Feldman, Marcus W.},
 issn = {0040-5809},
 journal = {Theoretical population biology},
 link = {http://www.ncbi.nlm.nih.gov/pubmed/3750215},
 month = {aug},
 number = {1},
 pages = {125--42},
 pmid = {3750215},
 title = {Modifiers of mutation rate: a general reduction principle.},
 volume = {30},
 year = {1986}
}

@article{Lukacisinova2017,
 author = {Luka{\v{c}}i{\v{s}}inov{\'{a}}, Marta and Novak, Sebastian and Paix{\~{a}}o, Tiago},
 doi = {10.1371/journal.pcbi.1005609},
 editor = {Wilke, Claus O.},
 issn = {1553-7358},
 journal = {PLOS Computational Biology},
 link = {http://dx.plos.org/10.1371/journal.pcbi.1005609},
 month = {jul},
 number = {7},
 pages = {e1005609},
 title = {Stress-induced mutagenesis: Stress diversity facilitates the persistence of mutator genes},
 volume = {13},
 year = {2017}
}

@book{Otto2007,
 author = {Otto, Sarah P. and Day, Troy},
 isbn = {9780691123448},
 pages = {732},
 publisher = {Princeton University Press},
 title = {A biologist's guide to mathematical modeling in ecology and evolution},
 year = {2007}
}

@article{Ram2012,
 annote = {From Duplicate 2 (





The evolution of stress-induced hypermutation in asexual populations.





- Ram, Yoav; Hadany, Lilach )},
 author = {Ram, Yoav and Hadany, Lilach},
 doi = {10.1111/j.1558-5646.2012.01576.x},
 issn = {00143820},
 journal = {Evolution; international journal of organic evolution},
 link = {http://doi.wiley.com/10.1111/j.1558-5646.2012.01576.x http://www.ncbi.nlm.nih.gov/pubmed/22759304},
 month = {jul},
 number = {7},
 pages = {2315--2328},
 pmid = {22759304},
 title = {The Evolution of Stress-Induced Hypermutation in Asexual Populations},
 volume = {66},
 year = {2012}
}

@article{Ram2014,
 archiveprefix = {arXiv},
 arxivid = {1407.3548},
 author = {Ram, Yoav and Hadany, Lilach},
 doi = {10.1098/rspb.2014.1025},
 eprint = {1407.3548},
 issn = {0962-8452},
 journal = {Proceedings of the Royal Society B: Biological Sciences},
 link = {http://arxiv.org/abs/1407.3548 http://biorxiv.org/lookup/doi/10.1101/007096 http://www.ncbi.nlm.nih.gov/pubmed/25143032 http://rspb.royalsocietypublishing.org/cgi/doi/10.1098/rspb.2014.1025},
 month = {oct},
 number = {1792},
 pages = {20141025--20141025},
 pmid = {25143032},
 title = {Stress-induced mutagenesis and complex adaptation},
 volume = {281},
 year = {2014}
}

@article{Ram2016,
 author = {Ram, Yoav and Hadany, Lilach},
 doi = {10.1098/rstb.2015.0539},
 issn = {0962-8436},
 journal = {Philosophical Transactions of the Royal Society B: Biological Sciences},
 link = {http://rstb.royalsocietypublishing.org/content/371/1706/20150539 http://rstb.royalsocietypublishing.org/lookup/doi/10.1098/rstb.2015.0539},
 month = {oct},
 number = {1706},
 pages = {20150539},
 title = {Condition-dependent sex: who does it, when and why?},
 volume = {371},
 year = {2016}
}

@article{Rosenberg2012,
 annote = {Thus, it is possible that RpoS- and PolIV-promoted mutagenic break repair might have evolved based on selection for its properties as an evolutionary engine.},
 author = {Rosenberg, Susan M. and Shee, Chandan and Frisch, Ryan L. and Hastings, P. J.},
 doi = {10.1002/bies.201200050},
 issn = {1521-1878},
 journal = {BioEssays},
 link = {http://www.ncbi.nlm.nih.gov/pubmed/22911060},
 month = {aug},
 pages = {1--8},
 pmid = {22911060},
 title = {Stress-induced mutation via DNA breaks in \emph{Escherichia coli}: A molecular mechanism with implications for evolution and medicine.},
 year = {2012}
}

@article{Wallace1975,
 author = {Wallace, Bruce},
 doi = {10.1111/j.1558-5646.1975.tb00836.x},
 issn = {00143820},
 journal = {Evolution},
 link = {http://doi.wiley.com/10.1111/j.1558-5646.1975.tb00836.x},
 month = {sep},
 number = {3},
 pages = {465--473},
 title = {HARD AND SOFT SELECTION REVISITED},
 volume = {29},
 year = {1975}
}

